@article{montemurro2020emotional,
  title={The emotional impact of COVID-19: From medical staff to common people.},
  author={Montemurro, Nicola},
  year={2020},
  publisher={Elsevier Science}
}